<?xml version="1.0" encoding="UTF-8"?><record xmlns="http://www.loc.gov/MARC21/slim" xmlns:cinclude="http://apache.org/cocoon/include/1.0" xmlns:zs="http://www.loc.gov/zing/srw/">
  <leader>00546nz  a2200145n  4500</leader>
  <controlfield tag="001">n  92038489 </controlfield>
  <controlfield tag="003">DLC</controlfield>
  <controlfield tag="005">19920407105123.8</controlfield>
  <controlfield tag="008">920407n| acannaab|          |a aaa |||  </controlfield>
  <datafield tag="010" ind1=" " ind2=" ">
    <subfield code="a">n  92038489 </subfield>
  </datafield>
  <datafield tag="040" ind1=" " ind2=" ">
    <subfield code="a">DLC</subfield>
    <subfield code="c">DLC</subfield>
  </datafield>
  <datafield tag="100" ind1="1" ind2="0">
    <subfield code="a">Buko, V. U.</subfield>
    <subfield code="q">(Vi︠a︡cheslav Ulʹi︠a︡novich)</subfield>
  </datafield>
  <datafield tag="400" ind1="1" ind2="0">
    <subfield code="a">Buko, Vi︠a︡cheslav Ulʹi︠a︡novich)</subfield>
  </datafield>
  <datafield tag="400" ind1="1" ind2="0">
    <subfield code="a">Buka, V. U.</subfield>
    <subfield code="q">(Vi︠a︡chaslaŭ Ul'i︠a︡navich)</subfield>
  </datafield>
  <datafield tag="670" ind1=" " ind2=" ">
    <subfield code="a">His Prostaglandiny pri alkogolʹnom porazhenii pecheni, 1991:</subfield>
    <subfield code="b">t.p. (V. U. Buko) colophon (Buko Vi︠a︡cheslav Ulʹi︠a︡novich)</subfield>
  </datafield>
</record>